<?xml version="1.0" encoding="UTF-8"?><record xmlns="http://www.loc.gov/MARC21/slim" xmlns:cinclude="http://apache.org/cocoon/include/1.0" xmlns:zs="http://www.loc.gov/zing/srw/">
  <leader>00814cz  a2200169n  4500</leader>
  <controlfield tag="001">n  87892048 </controlfield>
  <controlfield tag="003">DLC</controlfield>
  <controlfield tag="005">20080405080017.0</controlfield>
  <controlfield tag="008">871030n| acannaabn          |a anc      </controlfield>
  <datafield tag="010" ind1=" " ind2=" ">
    <subfield code="a">n  87892048 </subfield>
  </datafield>
  <datafield tag="035" ind1=" " ind2=" ">
    <subfield code="a">(OCoLC)oca01972712</subfield>
  </datafield>
  <datafield tag="040" ind1=" " ind2=" ">
    <subfield code="a">DLC</subfield>
    <subfield code="b">eng</subfield>
    <subfield code="c">DLC</subfield>
    <subfield code="d">DLC</subfield>
    <subfield code="d">OCoLC</subfield>
  </datafield>
  <datafield tag="110" ind1="1" ind2=" ">
    <subfield code="a">Turkey.</subfield>
    <subfield code="b">Ordu.</subfield>
    <subfield code="b">General Staff of the Western Front.</subfield>
    <subfield code="b">Second Section</subfield>
  </datafield>
  <datafield tag="410" ind1="1" ind2=" ">
    <subfield code="a">Turkey.</subfield>
    <subfield code="b">Ordu.</subfield>
    <subfield code="b">General Staff of the Western Front.</subfield>
    <subfield code="b">Intelligence Service</subfield>
  </datafield>
  <datafield tag="410" ind1="1" ind2=" ">
    <subfield code="a">Turkey.</subfield>
    <subfield code="b">Ordu.</subfield>
    <subfield code="b">General Staff of the Western Front.</subfield>
    <subfield code="b">İstihbarat Şubesi</subfield>
  </datafield>
  <datafield tag="670" ind1=" " ind2=" ">
    <subfield code="a">Greek atrocities in Asia Minor, 1922- :</subfield>
    <subfield code="b">v. 1, t.p. (Second Setion [i.e. Section] of the General Staff of the Western Front) p. 6 (Intelligence Service of the West Army; Turkey)</subfield>
  </datafield>
  <datafield tag="670" ind1=" " ind2=" ">
    <subfield code="a">Özege</subfield>
    <subfield code="b">(under Anadoluda Yunan mezalimi, 1922: Garb Cephesi İstihbarat Şubesi)</subfield>
  </datafield>
</record>